@article{Lu:2009gh,
	Author = {Lu, Tianfeng and Law, Chung K},
	Date-Added = {2015-04-07 06:23:08 +0000},
	Date-Modified = {2015-04-07 06:23:08 +0000},
	@Doi = {10.1016/j.pecs.2008.10.002},
	Journal = {Prog. Energy Comb. Sci.},
	Number = {2},
	Pages = {192--215},
	Volume = {35},
	Year = {2009},
	@Title = {Toward accommodating realistic fuel chemistry in large-scale computations},
	@Bdsk-Url-1 = {http://dx.doi.org/10.1016/j.pecs.2008.10.002}
	}	
	
@article{Mehl:2011cn,
	Author = {Mehl, Marco and Pitz, William J and Westbrook, Charles K and Curran, Henry J},
	Date-Added = {2015-08-26 04:25:23 +0000},
	Date-Modified = {2015-12-02 09:31:51 +0000},
        @Doi = {10.1016/j.proci.2010.05.027},
        @Title = {Kinetic modeling of gasoline surrogate components and mixtures under engine conditions},
        @Bdsk-Url-1 = {http://dx.doi.org/10.1016/j.proci.2010.05.027},
	Journal = {Proc. Combust. Inst.},
	Number = {1},
	Pages = {193--200},
	Volume = {33},
	Year = {2011}}
	
@article{Naik2011434,
	journal = {Combust. Flame},
	volume = {158},
	number = {3},
	pages = {434--445},
	year = {2011},
	author = {Chitralkumar V. Naik and Karthik V. Puduppakkam and Abhijit Modak and Ellen Meeks and Yang L. Wang and Qiyao Feng and Theodore T. Tsotsis},
	@doi = {10.1016/j.combustflame.2010.09.016},
        @title = {Detailed chemical kinetic mechanism for surrogates of alternative jet fuels},
}